<record><leader>00000cas a22000007a 4500</leader><controlfield tag="001">13825495</controlfield><controlfield tag="008">860707d183u1833riuwr ne      0   a0eng d</controlfield><datafield ind1=" " ind2=" " tag="010"><subfield code="a">sn 86077092 </subfield></datafield><datafield ind1=" " ind2=" " tag="040"><subfield code="a">NPA</subfield><subfield code="b">eng</subfield><subfield code="c">NPA</subfield><subfield code="d">RHN</subfield><subfield code="d">MGN</subfield><subfield code="d">CNW</subfield><subfield code="d">MGN</subfield><subfield code="d">OCL</subfield><subfield code="d">HNK</subfield><subfield code="d">GWDNB</subfield><subfield code="d">OCLCQ</subfield><subfield code="d">OCLCF</subfield><subfield code="d">DEBBG</subfield><subfield code="d">OCLCO</subfield></datafield><datafield ind1="7" ind2=" " tag="016"><subfield code="a">981306624</subfield><subfield code="2">DE-101</subfield></datafield><datafield ind1="7" ind2=" " tag="016"><subfield code="a">2251672-4</subfield><subfield code="2">DE-600</subfield></datafield><datafield ind1="1" ind2=" " tag="029"><subfield code="a">AU@</subfield><subfield code="b">000020128269</subfield></datafield><datafield ind1="1" ind2=" " tag="029"><subfield code="a">GEBAY</subfield><subfield code="b">10953854</subfield></datafield><datafield ind1="1" ind2=" " tag="029"><subfield code="a">GWDNB</subfield><subfield code="b">981306624</subfield></datafield><datafield ind1="1" ind2=" " tag="029"><subfield code="a">DEBBG</subfield><subfield code="b">BV022651217</subfield></datafield><datafield ind1=" " ind2=" " tag="042"><subfield code="a">msc</subfield></datafield><datafield ind1=" " ind2=" " tag="043"><subfield code="a">n-us-ri</subfield><subfield code="a">n-us-ma</subfield></datafield><datafield ind1="0" ind2="0" tag="245"><subfield code="a">New England artisan, and laboring man's repository.</subfield></datafield><datafield ind1="3" ind2="0" tag="246"><subfield code="a">New England artisan</subfield></datafield><datafield ind1="3" ind2="0" tag="246"><subfield code="a">Laboring man's repository</subfield></datafield><datafield ind1=" " ind2=" " tag="260"><subfield code="a">Providence [R.I.] :</subfield><subfield code="b">William McCartney</subfield></datafield><datafield ind1=" " ind2=" " tag="300"><subfield code="a">v.</subfield></datafield><datafield ind1=" " ind2=" " tag="310"><subfield code="a">Weekly</subfield></datafield><datafield ind1="1" ind2=" " tag="362"><subfield code="a">Ceased in 1833.</subfield></datafield><datafield ind1=" " ind2=" " tag="500"><subfield code="a">Published at Boston, Oct. 25, 1832-</subfield></datafield><datafield ind1=" " ind2=" " tag="550"><subfield code="a">Issued for: New England Association of Mechanics and Working Men, &lt;Mar. 28, 1833&gt;.</subfield></datafield><datafield ind1=" " ind2=" " tag="588"><subfield code="a">Description based on: Vol. 1, no. 23 (June 7, 1832).</subfield></datafield><datafield ind1=" " ind2="0" tag="651"><subfield code="a">Providence (R.I.)</subfield><subfield code="v">Newspapers.</subfield></datafield><datafield ind1=" " ind2="0" tag="651"><subfield code="a">Boston (Mass.)</subfield><subfield code="v">Newspapers.</subfield></datafield><datafield ind1=" " ind2="7" tag="655"><subfield code="a">Newspapers.</subfield><subfield code="2">fast</subfield><subfield code="0">(OCoLC)fst01423814</subfield></datafield><datafield ind1=" " ind2="7" tag="651"><subfield code="a">Massachusetts</subfield><subfield code="z">Boston.</subfield><subfield code="2">fast</subfield><subfield code="0">(OCoLC)fst01205012</subfield></datafield><datafield ind1=" " ind2="7" tag="651"><subfield code="a">Rhode Island</subfield><subfield code="z">Providence.</subfield><subfield code="2">fast</subfield><subfield code="0">(OCoLC)fst01204977</subfield></datafield><datafield ind1=" " ind2=" " tag="752"><subfield code="a">United States</subfield><subfield code="b">Massachusetts</subfield><subfield code="c">Suffolk</subfield><subfield code="d">Boston.</subfield></datafield><datafield ind1=" " ind2=" " tag="752"><subfield code="a">United States</subfield><subfield code="b">Rhode Island</subfield><subfield code="c">Providence</subfield><subfield code="d">Providence.</subfield></datafield><datafield ind1="0" ind2=" " tag="776"><subfield code="c">Microfilm</subfield><subfield code="w">(DLC)  2002261234</subfield><subfield code="w">(OCoLC)50432096</subfield></datafield><datafield ind1="0" ind2="0" tag="785"><subfield code="t">New England artisan, and farmer's, mechanic's and laboring-man's repository</subfield><subfield code="w">(DLC)sn 94053025</subfield></datafield></record>